@inproceedings{cao2017realtime,
  author = {Zhe Cao and Tomas Simon and Shih-En Wei and Yaser Sheikh},
  booktitle = {CVPR},
  title = {Realtime Multi-Person 2D Pose Estimation using Part Affinity Fields},
  year = {2017}
}

@inproceedings{simon2017hand,
  author = {Tomas Simon and Hanbyul Joo and Iain Matthews and Yaser Sheikh},
  booktitle = {CVPR},
  title = {Hand Keypoint Detection in Single Images using Multiview Bootstrapping},
  year = {2017}
}

@inproceedings{wei2016cpm,
  author = {Shih-En Wei and Varun Ramakrishna and Takeo Kanade and Yaser Sheikh},
  booktitle = {CVPR},
  title = {Convolutional pose machines},
  year = {2016}
}

@article{hindawi2016case,
  author = {Miwako Honda and Mio Ito and Shogo Ishikawa and Yoichi Takebayashi and Lawrence Tierney Jr},
  journal = {Case Reports in Medicine},
  title = {Reduction of Behavioral Psychological Symptoms of Dementia by Multimodal Comprehensive Care for Vulnerable Geriatric Patients in an Acute Care Hospital: A Case Series},
  year = {2016},
}

@article{Wu12Eulerian,
  author = {Hao-Yu Wu and Michael Rubinstein and Eugene Shih and John Guttag and Fr\'{e}do Durand and William T. Freeman},
  title = {Eulerian Video Magnification for Revealing Subtle Changes in the World},
  journal = {ACM Transactions on Graphics (Proc. SIGGRAPH 2012)},
  year = {2012},
  volume = {31},
  number = {4},
}

@inproceedings{sung_rgbdactivity_2012,
  title={Unstructured Human Activity Detection from RGBD Images},
  author={Jaeyong Sung and Colin Ponce and Bart Selman and Ashutosh Saxena},
  booktitle={International Conference on Robotics and Automation (ICRA)},
  year={2012}
}

@article{h36m_pami,
  author = {Ionescu, Catalin and Papava, Dragos and Olaru, Vlad and Sminchisescu,  Cristian},
  title = {Human3.6M: Large Scale Datasets and Predictive Methods for 3D Human Sensing in Natural Environments},
  journal = {IEEE Transactions on Pattern Analysis and Machine Intelligence},
  publisher = {IEEE Computer Society},
  volume = {36},
  number = {7},
  pages = {1325-1339},
  month = {jul},
  year = {2014}
}

@misc{iai_kinect2,
  author = {Wiedemeyer, Thiemo},
  title = {{IAI Kinect2}},
  organization = {Institute for Artificial Intelligence},
  address = {University Bremen},
  year = {2014 -- 2015},
  howpublished = {\url{https://github.com/code-iai/iai\_kinect2}},
  note = {Accessed June 12, 2015}
}

@article{libfreenect2,
%% Comment lingzhu xiang_florian echtler_christian kerl_thiemo wiedemeyer_lars_hanyazou_ryan gordon_francisco facioni_laborer2008_rich wareham_et al._2016,
  title={libfreenect2: Release 0.2},
  DOI={10.5281/zenodo.50641},
%% abstractNote={<p>This release provides performance improvements in JPEG and depth decoding with various implementations which enable hardware acceleration, including CUDA, VA-API, VideoToolbox, and Tegra. See also this performance <a href="https://github.com/OpenKinect/libfreenect2/wiki/Performance">benchmark</a>.</p> <p>OpenNI2 integration is included in this release.</p> <p>Various internal performance improvements, error handling, and bug fixes are also included.</p> <p>For programmers, the API is expanded to provide Freenect2Device::startStreams() (selectively start RGB or depth stream), Registration::undistortDepth() (rectification only without registration), and Registration::getPointXYZ() (3-D points without color).</p>},
  publisher={Zenodo},
  author={Lingzhu Xiang and Florian Echtler and Christian Kerl and Thiemo Wiedemeyer and Lars and hanyazou and Ryan Gordon and Francisco Facioni and laborer2008 and Rich Wareham and et al.},
  year={2016},
  month={Apr}
}

@article{opencv_library,
  author = {Bradski, G.},
  citeulike-article-id = {2236121},
  journal = {Dr. Dobb's Journal of Software Tools},
  keywords = {bibtex-import},
  posted-at = {2008-01-15 19:21:54},
  priority = {4},
  title = {{The OpenCV Library}},
  year = {2000}
}

@inproceedings{berkeley_mhad,
  author = {F. Ofli and R. Chaudhry and G. Kurillo and R. Vidal and R. Bajcsy.},
  title = {Berkeley MHAD: A Comprehensive Multimodal Human Action Database},
  booktitle = {2013 IEEE Workshop on Applications on Computer Vision (WACV)},
  year = {2013},
  pages = {53-60},
  keywords={image motion analysis;learning (artificial intelligence);pose estimation;visual databases;Berkeley MHAD;accelerometer;action recognition;bag-of-words algorithm;depth sensor;human pose information;microphone;motion information;multibaseline stereo camera;multimodal analysis;multimodal human action database;multiple kernel learning;optical motion capture system;Accelerometers;Cameras;Databases;Humans;Microphones;Synchronization;Videos},
  doi={10.1109/WACV.2013.6474999},
  ISSN={1550-5790},
  month={Jan},
}

@article{radboud_faces, %% doi:10.1080/02699930903485076
author = { Oliver   Langner  and  Ron   Dotsch  and  Gijsbert   Bijlstra  and  Daniel H. J.   Wigboldus  and  Skyler T.   Hawk  and  Ad   van Knippenberg },
title = {Presentation and validation of the Radboud Faces Database},
journal = {Cognition and Emotion},
volume = {24},
number = {8},
pages = {1377-1388},
year  = {2010},
publisher = {Routledge},
doi = {10.1080/02699930903485076},

URL = { 
        https://doi.org/10.1080/02699930903485076   
},
eprint = { 
        https://doi.org/10.1080/02699930903485076
}
}

@article{jia2014caffe,
  Author = {Jia, Yangqing and Shelhamer, Evan and Donahue, Jeff and Karayev, Sergey and Long, Jonathan and Girshick, Ross and Guadarrama, Sergio and Darrell, Trevor},
  Journal = {arXiv preprint arXiv:1408.5093},
  Title = {Caffe: Convolutional Architecture for Fast Feature Embedding},
  Year = {2014}
}

@online{webstat:oslo:hjsyk,
author = {Oslo Kommune},
title = {Hjemmetjenester etter type, behov og alder. Antall mottakere, timer, timer/mottakere (B)},
year = {2017},
url = {http://statistikkbanken.oslo.kommune.no/webview/index.jsp?Geografisubset=0+-+301&headers=virtual&headers=r&stubs=Geografi&stubs=Typetjeneste&stubs=Bistandsniv&measure=common&Bistandsnivsubset=1+-+3&layers=Alder&Aldersubset=1&study=http%3A%2F%2F192.168.101.44%3A80%2Fobj%2FfStudy%2Fhjemmetjeneste%21type%21behov%21alder%21mottakereogtimer&Typetjenestesubset=4%2C1+-+3&Alderslice=1&mode=cube&v=2&virtualsubset=Antallmottakere_value+-+Timermottakere_value&rsubset=2011+-+2017&measuretype=4&cube=http%3A%2F%2F192.168.101.44%3A80%2Fobj%2FfCube%2Fhjemmetjeneste%21type%21behov%21alder%21mottakereogtimer_C1&top=yes}
}

