@inproceedings{cao2017realtime,
  author = {Zhe Cao and Tomas Simon and Shih-En Wei and Yaser Sheikh},
  booktitle = {CVPR},
  title = {Realtime Multi-Person 2D Pose Estimation using Part Affinity Fields},
  year = {2017}
}

@inproceedings{simon2017hand,
  author = {Tomas Simon and Hanbyul Joo and Iain Matthews and Yaser Sheikh},
  booktitle = {CVPR},
  title = {Hand Keypoint Detection in Single Images using Multiview Bootstrapping},
  year = {2017}
}

@inproceedings{wei2016cpm,
  author = {Shih-En Wei and Varun Ramakrishna and Takeo Kanade and Yaser Sheikh},
  booktitle = {CVPR},
  title = {Convolutional pose machines},
  year = {2016}
}

@article{hindawi2016case,
  author = {Miwako Honda and Mio Ito and Shogo Ishikawa and Yoichi Takebayashi and Lawrence Tierney Jr},
  journal = {Case Reports in Medicine},
  title = {Reduction of Behavioral Psychological Symptoms of Dementia by Multimodal Comprehensive Care for Vulnerable Geriatric Patients in an Acute Care Hospital: A Case Series},
  year = {2016},
}