@inproceedings{cao2017realtime,
  author = {Zhe Cao and Tomas Simon and Shih-En Wei and Yaser Sheikh},
  booktitle = {CVPR},
  title = {Realtime Multi-Person 2D Pose Estimation using Part Affinity Fields},
  year = {2017}
}

@inproceedings{simon2017hand,
  author = {Tomas Simon and Hanbyul Joo and Iain Matthews and Yaser Sheikh},
  booktitle = {CVPR},
  title = {Hand Keypoint Detection in Single Images using Multiview Bootstrapping},
  year = {2017}
}

@inproceedings{wei2016cpm,
  author = {Shih-En Wei and Varun Ramakrishna and Takeo Kanade and Yaser Sheikh},
  booktitle = {CVPR},
  title = {Convolutional pose machines},
  year = {2016}
}

@article{hindawi2016case,
  author = {Miwako Honda and Mio Ito and Shogo Ishikawa and Yoichi Takebayashi and Lawrence Tierney Jr},
  journal = {Case Reports in Medicine},
  title = {Reduction of Behavioral Psychological Symptoms of Dementia by Multimodal Comprehensive Care for Vulnerable Geriatric Patients in an Acute Care Hospital: A Case Series},
  year = {2016},
}

@article{Wu12Eulerian,
  author = {Hao-Yu Wu and Michael Rubinstein and Eugene Shih and John Guttag and Fr\'{e}do Durand and William T. Freeman},
  title = {Eulerian Video Magnification for Revealing Subtle Changes in the World},
  journal = {ACM Transactions on Graphics (Proc. SIGGRAPH 2012)},
  year = {2012},
  volume = {31},
  number = {4},
}

@inproceedings{sung_rgbdactivity_2012,
  title={Unstructured Human Activity Detection from RGBD Images},
  author={Jaeyong Sung and Colin Ponce and Bart Selman and Ashutosh Saxena},
  booktitle={International Conference on Robotics and Automation (ICRA)},
  year={2012}
}

@article{h36m_pami,
  author = {Ionescu, Catalin and Papava, Dragos and Olaru, Vlad and Sminchisescu,  Cristian},
  title = {Human3.6M: Large Scale Datasets and Predictive Methods for 3D Human Sensing in Natural Environments},
  journal = {IEEE Transactions on Pattern Analysis and Machine Intelligence},
  publisher = {IEEE Computer Society},
  volume = {36},
  number = {7},
  pages = {1325-1339},
  month = {jul},
  year = {2014}
}

@misc{iai_kinect2,
  author = {Wiedemeyer, Thiemo},
  title = {{IAI Kinect2}},
  organization = {Institute for Artificial Intelligence},
  address = {University Bremen},
  year = {2014 -- 2015},
  howpublished = {\url{https://github.com/code-iai/iai\_kinect2}},
  note = {Accessed June 12, 2015}
}

@article{opencv_library,
  author = {Bradski, G.},
  citeulike-article-id = {2236121},
  journal = {Dr. Dobb's Journal of Software Tools},
  keywords = {bibtex-import},
  posted-at = {2008-01-15 19:21:54},
  priority = {4},
  title = {{The OpenCV Library}},
  year = {2000}
}